@ARTICLE{VasSkur2017,
	author		={В.В. Васин and А.Ф. Скурыдина}
	title        = {Двухэтапный метод регуляризации для нелинейных некорректных задач},
	journal      = {Труды ИММ УрО РАН},
	volume       = {23},
	number		 = {1},
	pages        = {57--74},
	year         = {2017},
	language     = {russian},
	keywords     = {own},
}

@ARTICLE{VasAkiMin2013,
	author		={В.В. Васин and Е.Н. Акимова and А.Ф. Миниахметова}
	title        = {Итерационные алгоритмы ньютоновского типа и их приложения к обратной задаче гравиметрии},
	journal      = {Вестник Южно-Уральского государственного университета},
	volume       = {6},
	number		 = {3},
	pages        = {26--37},
	year         = {2013},
	language     = {russian},
	keywords     = {own},
}

@ARTICLE{Skur2017,
	author		={A.F. Skurydina}
	title        = {Regularized Levenberg –- Marquardt Type Method Applied to the Structural Inverse Gravity Problem in a Multilayer Medium and its Parallel Realization},
	journal      = {Вестник Южно-Уральского государственного университета},
	volume       = {6},
	number		 = {3},
	pages        = {5–-15},
	year         = {2017},
	language     = {russian},
	keywords     = {own},
}

@ARTICLE{AkSkur2015,
	author		={Akimova E., Skurydina A.}
	title        = {Итерационные алгоритмы ньютоновского типа и их приложения к обратной задаче гравиметрии},
	journal      = {XIVth EAGE International Conference - Geoinformatics: Theoretical and Applied Aspects},
	year         = {2015},
	language     = {russian},
	keywords     = {own},
}
