@BOOK{VasEre2009,
  author       = {V.V. Vasin and I.I. Eremin},
  title        = {Operators and Iterative Processes of Fejer Type. Theory and Application},
  publisher    = {Walter de Gruyter},
  address      = {Berlin/New York},
  year         = {2009}},
  language     = {english},
}

@INPROCEEDINGS{AkMisDer2014,
  author       = {Е.Н. Акимова and В. Е Мисилов and Е. А. Дергачев},
  year         = {1968},
  editor       = {ИГФ УрО РАН},
  booktitle    = {Труды 41-й сессии Международного семинара им. Д.Г. Успенского, Екатеринбург, 2014},
  pages        = {4–-6},
  address      = {Екатеринбург},
  publisher    = {ИГФ УрО РАН},
}

@ARTICLE{VasAkiMin2013,
	author		={В.В. Васин and Е.Н. Акимова and А.Ф. Миниахметова}
	title        = {Итерационные алгоритмы ньютоновского типа и их приложения к обратной задаче гравиметрии},
	journal      = {Вестник Южно-Уральского государственного университета},
	volume       = {6},
	pages        = {26--37},
	year         = {2013},
	language     = {russian},
	keywords     = {own},
}

@ARTICLE{Vasin_2014,
	author		={V.V. Vasin}
	title        = {Modified Newton type processes generating Fejer approximations of regularized solutions to nonlinear equations},
	journal      = {Proc. Steklov Inst. Math.},
	volume       = {284},
	pages        = {145--158},
	year         = {2014},
	language     = {russian},
	keywords     = {own},
}

@ARTICLE{Vasin_2016,
	author		={V.V. Vasin}
	title        = {Regularized modified alpha-processes for nonlinear equations with monotone operators},
	journal      = {Dokl. Math.},
	volume       = {469},
	pages        = {13--16},
	year         = {2016},
	language     = {russian},
	keywords     = {own},
}

@ARTICLE{VasSkur2017,
	author		={В.В. Васин and А.Ф. Скурыдина}
	title        = {Двухэтапный метод регуляризации для нелинейных некорректных задач},
	journal      = {Труды ИММ УрО РАН},
	volume       = {23},
	pages        = {57--74},
	year         = {2017},
	language     = {russian},
	keywords     = {own},
}

@ARTICLE{AkMarMis2013,
	author		={Е.Н. Акимова and П.С. Мартышко and В.Е. Мисилов}
	title        = {Методы решения структурной задачи гравиметрии в многослойной среде},
	journal      = {Доклады Академии наук},
	volume       = {453},
	pages        = {1278--1281},
	year         = {2013},
	language     = {russian},
	keywords     = {own},
}

@ARTICLE{Kok_2010,
	author		={М.Ю. Кокурин}
	title        = {О выпуклости функционала Тихонова и итеративного регуляризованных методах решения нерегулярных нелинейных операторных уравнений},
	journal      = {Журн. вычисл. мат. и матем. физики},
	volume       = {50},
	pages        = {651--664},
	year         = {2010},
	language     = {russian},
	keywords     = {own},
}

@ARTICLE{VasPer_2011,
	author		={В.В. Васин and Г. Я. Пересторонина}
	title        = {Метод Левенберга--–Марквардта и его модифицированные варианты для решения нелинейных уравнений с приложением к обратной задаче гравиметрии},
	journal      = {Труды ИММ УрО РАН},
	volume       = {17},
	pages        = {174--182},
	year         = {2011},
	language     = {russian},
	keywords     = {own},
}

@ARTICLE{Vasin_2012,
	author		={В.В. Васин}
	title        = {Метод Левенберга---Марквардта для аппроксимации решений нерегулярных операторных уравнений},
	journal      = {Автоматика и телемеханика},
	volume       = {73},
	pages        = {28--38},
	year         = {2012},
	language     = {russian},
	keywords     = {own},
	}

@ARTICLE{Ivanov_1999_Journal_17_173,
  author       = {И. И. Иванов and П. П. Петров and С. С. Сидоров},
  title        = {Название статьи},
  journal      = {Название журнала},
  volume       = {17},
  pages        = {173--180},
  year         = {1999},
  language     = {russian},
  keywords     = {own},
}

@ARTICLE{Petrov_2001_Journal_23_12321,
  author       = {П. П. Петров and И. И. Иванов and С. С. Сидоров},
  title        = {Название статьи},
  journal      = {Название журнала},
  volume       = {23},
  pages        = {12321--12328},
  year         = {2001},
  language     = {russian},
  keywords     = {own},
}

@ARTICLE{Sidorov_2002_Journal_32_1531,
  author       = {S. S. Sidorov and P. P. Petrov and I. I. Ivanov},
  title        = {Article Title},
  journal      = {Journal Name},
  volume       = {32},
  pages        = {1531--1540},
  year         = {2002},
  keywords     = {own},
}

@ARTICLE{Yoffe_1993_AP_42_173,
  author       = {A. D. Yoffe},
  title        = {Low-dimensional systems: quantum size effects and electronic
                  properties of semiconductor microcrystallites (zero-dimensional
                  systems) and some quasi-two-dimensional systems},
  journal      = {Adv. Phys.},
  pages        = {173--266},
  volume       = {42},
  year         = {1993},
  doi          = {10.1080/00018739300101484},
}

@ARTICLE{Efros_1982_FTP_16_7_1209,
  author       = {{\relax Ал}. Л. Эфрос and А. Л. Эфрос},
  title        = {Межзонное поглощение света в полупроводниковом шаре},
  journal      = {Физика и техника полупроводников},
  year         = {1982},
  volume       = {16},
  number       = {7},
  pages        = {1209--1214},
  language     = {russian},
}

@BOOK{Anselm_1978,
  author       = {А. И. Ансельм},
  title        = {Введение в теорию полупроводников},
  publisher    = {Наука},
  address      = {Москва},
  year         = {1978},
  language     = {russian},
}

@INPROCEEDINGS{Segall_1968,
  author       = {B. Segall},
  year         = {1968},
  editor       = {S. M. Ryvkin},
  booktitle    = {Proceedings of IXth Conference on the Physics of
                  Semiconductors, Moscow, 1968},
  pages        = {425},
  address      = {Leningrad},
  publisher    = {Nauka},
}

@INBOOK{Agranovich_1983,
  editor       = {V. M. Agranovich and R. M. Hochstrasser},
  title        = {Spectroscopy and Excitation Dynamics of Condensed Molecular
                  Systems},
  chapter      = {6},
  publisher    = {North-Holland},
  year         = {1983},
  series       = {Modern Problems in Condensed Matter Sciences},
  address      = {Amsterdam},
  isbn         = {0444863133},
}

@INCOLLECTION{InP,
  title        = {{\relax InP} Basic Parameters at 300 K},
  booktitle    = {Electronic archive New Semiconductor Materials.
                  Characteristics and Properties},
  organization = {Ioffe Physico-Technical Institute},
  address      = {St. Petersburg},
  year         = {2001},
  url          = {http://www.ioffe.rssi.ru/SVA/NSM/Semicond/InP/basic.html},
  urldate      = {01.11.2009},
}

@PHDTHESIS{Mishchenko_1996,
  author       = {Е. Ж. Мищенко},
  title        = {Неупругое рассеяние света в системе взаимодействующих
                  электронов и фононов},
  school       = {ИТФ им. Л.~Д.~Ландау},
  type         = {дисс. канд. физ.-мат. наук},
  year         = {1996},
  language     = {russian},
}

@DSCITHESIS{Skvortsov_2008,
  author       = {М. А. Скворцов},
  title        = {Флуктуационные и интерференционные эффекты в мезоскопических системах},
  school       = {ИТФ им. Л.~Д.~Ландау},
  type         = {дисс. д-ра физ.-мат. наук},
  year         = {2008},
  language     = {russian},
}

% old-style arXiv reference
@ARTICLE{Perelman_2003_math:0307245,
  author       = {Grisha Perelman},
  title        = {Finite extinction time for the solutions to the Ricci flow on certain three-manifolds},
  eprint       = {math/0307245},
}

% new-style arXiv reference
@ARTICLE{Nielsen_2010_1006.2735,
  title         = {A configuration interaction analysis of exchange in double quantum dots},
  author        = {Erik Nielsen and Richard P. Muller},
  archivePrefix = {arXiv},
  eprint        = {1006.2735},
  primaryClass  = {cond-mat},
}

@PATENT{patent1,
  	author      = {Э. В. Тернер},
  	authortype  = {США},
  	title       = {Одноразовая ракета-носитель},
  	media       = {Текст},
  	type        = {заявка},
  	number      = {1095735},
  	location    = {Рос. Федерация},
  	ipc         = {МПК\ensuremath{^7} B 64 G 1/00},
  	holder      = {заявитель Спейс Системз/Лорал, инк.},
  	credits     = {патент. поверенный Егорова Г. Б.},
  	reqnumber   = {000108705/28},
  	reqdate     = {07.04.2000},
  	pubdate     = {10.03.2001},
  	publication = {Бюл. № 7 (I ч.)},
  	prdate      = {09.04.1999},
  	prnumber    = {09/289, 037},
  	prcountry   = {США},
    pagetotal   = {5 с.~: ил.},
  	language    = {russian},
}

@PATENT{patent2,
  	author      = {В. И. Чугаева},
  	authortype  = {РФ},
  	title       = {Приемопередающее устройство},
  	media       = {Текст},
  	type        = {пат.},
  	number      = {2000131736/09},
  	location    = {Рос. Федерация},
  	ipc         = {МПК\ensuremath{^7} H 04 В 1/38, Н 04 J 13/00},
  	holder      = {заявитель и патентообладатель Воронеж. науч.-ислед. ин-т связи.},
  	credits     = {патент. поверенный Егорова Г. Б.},
  	reqnumber   = {000108705/28},
  	date        = {18.12.2000},
  	publdate    = {20.08.2002},
  	publication = {Бюл. № 23 (II ч.)},
    pagetotal   = {2 с.~: ил.},
  	language    = {russian},
}
