
@INPROCEEDINGS{my_geoinf2013,
  title={On solving a structural gravimetry problem on supercomputer «Uran»  for the Bashkir Predural’s  area [Электронный ресурс]},
  author={Martyshko, P. S. and Pyankov, V. A. and Akimova, E. N. and Vasin, V. V. and Misilov, V. E.},
  booktitle={Proceedings of 12th International Conference on Geoinformatics: Theoretical and Applied Aspects},
  year={2013},
  url          = {http://earthdoc.eage.org/publication/publicationdetails/?publication=68121},
  urldate      = {19.12.2016},
}

@INPROCEEDINGS{my_albena2014,
  title={Parallel algorithms for solving structural inverse magnetometry problem on multucore and graphics processors},
  author={Akimova, EN and Martyshko, PS and Misilov, VE},
  booktitle={Proceedings of 14th International multidisciplinary scientific GeoConference SGEM 2014},
  year={2014},
}

@INPROCEEDINGS{my_albena2015,
  title={A fast componentwise gradient method for solving structural inverse gravity problem},
  author={Akimova, EN and Misilov, VE},
  booktitle={International Multidisciplinary Scientific GeoConference Surveying Geology and Mining Ecology Management-SGEM},
  year={2015},
}

@INPROCEEDINGS{my_rhodos2014,
  title={A fast parallel gradient algorithm for solving structural inverse gravity problem [Электронный ресурс]},
  author={Akimova, EN and Martyshko, PS and Misilov, VE},
  booktitle={AIP Conference Proceedings 1648, 850063},
  year={2015},
  url          = {http://dx.doi.org/10.1063/1.4913118},
  urldate      = {19.12.2016},
}

@INPROCEEDINGS{my_kiev2016reg,
  title={Regularized methods for solving nonlinear inverse gravity problem [Электронный ресурс]},
  author={Akimova, EN and Misilov, VE and Tretyakov, AI},
  booktitle={EAGE Geoinformatics 2016 – 15th International Conference on Geoinformatics: Theoretical and Applied Aspects},
  year={2016},
  url          = {http://earthdoc.eage.org/publication/publicationdetails/?publication=84559},
  urldate      = {19.12.2016},
}

@INPROCEEDINGS{my_kiev2016magn,
  title={On solving the structural inverse magnetic problem of finding a contact surface in the case of arbitrary directed magnetization [Электронный ресурс]},
  author={Misilov, V E},
  booktitle={EAGE Geoinformatics 2016: 15th International Conference on Geoinformatics – Theoretical and Applied Aspects},
  year={2016},
  url          = {http://earthdoc.eage.org/publication/publicationdetails/?publication=84574},
  urldate      = {19.12.2016},
}

@INPROCEEDINGS{my_geo_mol2013,
  title={Решение обратной задачи гравиметрии итерационными методами на суперкомпьютере «Уран»},
  author={Мисилов, ВЕ and Миниахметова, АФ and Дергачев, ЕА},
  booktitle={Труды XIV Уральской молодежной научной школы по геофизике},
  year={2013},
  language={russian},
}

@INPROCEEDINGS{my_usp2014,
  title={Алгоритмы решения структурной обратной задачи магнитометрии},
  author={Акимова, ЕН and Мисилов, ВЕ and Дергачев, ЕА},
  booktitle={Материалы 41-ой сессии международного семинара им. Д.Г. Успенского «Вопросы теории и практики геологической интерпретации гравитационных, магнитных и электрических полей»},
  year={2014},
  language={russian},
}

@INPROCEEDINGS{my_aanz2014,
  title={Итеративно регуляризованные методы решения структурных обратных задач гравиметрии и магнитометрии в многослойной среде},
  author={Акимова, ЕН and Мисилов, ВЕ},
  booktitle={Тезисы доклада Всероссийской конференции с международным участием, посвященной памяти В.К. Иванова <<Алгоритмический анализ неустойчивых задач>>},
  year={2014},
  language={russian},
}

@INPROCEEDINGS{my_pavt2012,
  title={Алгоритмы решения обратных геофизических задач на многопроцессорных вычислительных системах},
  author={Акимова, ЕН and Белоусов, ДВ and Мисилов, ВЕ},
  booktitle={Труды международной конференции <<Параллельные вычислительные технологии (ПАВТ'2012)>>},
  year={2012},
  language={russian},
}

@INPROCEEDINGS{my_pavt2013,
  title={Алгоритмы решения обратных задач гравиметрии о нахождении поверхностей раздела сред на многопроцессорных вычислительных системах},
  author={Акимова, ЕН and Васин, ВВ and Мисилов, ВЕ},
  booktitle={Труды международной конференции «Параллельные вычислительные технологии (ПАВТ'2013)>>},
  year={2013},
  language={russian},
}

@INPROCEEDINGS{my_pavt2014,
  title={Параллельные алгоритмы решения структурной обратной задачи магнитометрии на многопроцессорных вычислительных системах},
  author={Акимова, ЕН and Мисилов, ВЕ and Миниахметова, АФ},
  booktitle={Труды международной конференции <<Параллельные вычислительные технологии (ПАВТ'2014)>>},
  year={2014},
  language={russian},
}

@INPROCEEDINGS{my_pavt2015,
  title={Градиентные методы решения структурных обратных задач гравиметрии и магнитометрии на суперкомпьютере “Уран”},
  author={Акимова, ЕН and Мисилов, ВЕ and Скурыдина, АФ},
  booktitle={Труды международной конференции <<Параллельные вычислительные технологии (ПАВТ'2015)>>},
  year={2015},
  language={russian},
}


@article{sgvm,
  title={Алгоритмы решения обратных геофизических задач на многопроцессорных вычислительных системах},
  author={Акимова, Елена Николаевна and Белоусов, Дмитрий Владимирович and Мисилов, Владимир Евгеньевич},
  journal={Сибирский журнал вычислительной математики},
  volume={6},
  number={2},
  pages={107--121},
  year={2013},
  publisher={Институт вычислительной математики и математической геофизики Сибирского отделения РАН},
   language     = {russian},
}

@article{dan13,
  title={Алгоритмы решения структурной задачи гравиметрии в многослойной среде},
  author={Акимова, ЕН and Мартышко, ПС and Мисилов, ВЕ},
  year={2013},
  journal={Доклады Российской академии наук},
  language     = {russian},
}

@article{ugatu1,
  title={Алгоритмы решения обратных задач гравиметрии о нахождении поверхностей раздела сред на многопроцессорных вычислительных системах},
  author={Акимова, ЕН and Васин, ВВ and Мисилов, ВЕ},
  journal={Вестник Уфимского государственного авиационного технического университета},
  volume={18},
  number={2 (63)},
  year={2014},
  publisher={Федеральное государственное бюджетное образовательное учреждение высшего профессионального образования Уфимский государственный авиационный технический университет},
  language     = {russian},
}

@article{ugatu2,
  title={Параллельные алгоритмы решения структурной обратной задачи магнитометрии на многопроцессорных вычислительных системах},
  author={Акимова, ЕН and Мисилов, ВЕ and Скурыдина, АФ},
  journal={Вестник Уфимского государственного авиационного технического университета},
  volume={18},
  number={4 (65)},
  year={2014},
  publisher={Федеральное государственное бюджетное образовательное учреждение высшего профессионального образования Уфимский государственный авиационный технический университет},
  language     = {russian},
}

@article{num-meth15,
  title={Градиентные методы решения структурных обратных задач гравиметрии и магнитометрии на суперкомпьютере {\guillemotleft}Уран{\guillemotright}},
  author={Акимова, ЕН and Мисилов, ВЕ and Скурыдина, АФ and Третьяков, АИ},
  journal={Вычислительные методы и программирование: Новые вычислительные технологии (Электронный научный журнал)},
  number={16},
  pages={155},
  year={2015},
  language     = {russian},
}

@article{fze16,
  title={О решении структурной обратной задачи гравиметрии модифицированными методами градиентного типа},
  author={Мартышко, ПС and Акимова, ЕН and Мисилов, ВЕ},
  journal={Физика Земли},
  number={5},
  pages={82--86},
  year={2016},
  language     = {russian},
}

