@ARTICLE{ivanov62,
  author       = {Иванов, В К},
  title        = {О линейных некорректных задачах},
  journal      = {Доклады АН СССР},
  volume       = {145},
  number       = {2},
  pages        = {270--272},
  year         = {1962},
  language     = {russian},
}

@ARTICLE{ivanov63,
  author       = {Иванов, В К},
  title        = {О некорректно поставленных задачах},
  journal      = {Математический сборник},
  volume       = {61(103)},
  number       = {2},
  pages        = {211--223},
  year         = {1963},
  language     = {russian},
}

@BOOK{lavrentyev,
  author       = {Лаврентьев, М М},
  title        = {О некоторых некорректных задачах математической физики},
  publisher={Изд-во Сибирского отд-ния АН СССР},
  address      = {Новосибирск},
  year         = {1962},
  language     = {russian},
  numpages        = {92},
}

@ARTICLE{tikhonov63a,
  author       = {Тихонов, А Н},
  title        = {О решении некорректно поставленных задач и методе регуляризации},
  journal      = {Доклады АН СССР},
  volume       = {151},
  number       = {3},
  pages        = {501--504},
  year         = {1963},
  language     = {russian},
}

@ARTICLE{tikhonov63b,
  author       = {Тихонов, А Н},
  title        = {О регуляризации некорректно поставленных задач},
  journal      = {Доклады АН СССР},
  volume       = {153},
  number       = {1},
  pages        = {49--52},
  year         = {1963},
  language     = {russian},
}

@article{kantorovich1947,
  title={О методе наискорейшего спуска},
  author={Канторович, Л В},
  journal      = {Доклады АН СССР},
  volume={56},
  number={3},
  pages={233--236},
  year={1947},
  language     = {russian},
}

@article{tikhonov1965,
  title={Применение метода регуляризации в нелинейных задачах},
  author={Тихонов, Андрей Николаевич and Гласко, Владлен Борисович},
  journal={Журнал вычислительной математики и математической физики},
  volume={5},
  number={3},
  pages={463--473},
  year={1965},
  publisher={Российская академия наук, Отделение математических наук},
  language     = {russian},
}


@BOOK{hadamard1932probleme,
  title={Le probleme de Cauchy et les {\'e}quations aux d{\'e}riv{\'e}es partielles lin{\'e}aires hyperboliques},
  author={J. Hadamard},
  year={1932},
  address      = {Paris},
  publisher    = {Herman},
  volume={220},
}

@ARTICLE{ageev1991,
  author={Агеев, Александр Леонидович},
  title={Алгоритм конечномерной аппроксимации стабилизирующих добавок},
  journal={Журнал вычислительной математики и математической физики},
  volume={31},
  number={7},
  pages={943--952},
  year={1991},
  language     = {russian},
}

@ARTICLE{ageev1980,
  title={Регуляризация нелинейных операторных уравнений на классе разрывных функций},
  author={Агеев, Александр Леонидович},
  journal={Журнал вычислительной математики и математической физики},
  volume={20},
  number={4},
  pages={819--826},
  year={1980},
}

@ARTICLE{ageev1983,
  title={К вопросу о построении оптимального метода решения линейного уравнения 1-го рода},
  author={Агеев, Александр Леонидович},
  journal={Известия высших учебных заведений. Математика},
  number={3},
  pages={67--68},
  year={1983},
  language     = {russian},
}

@ARTICLE{bakushinskii1967,
  title={Один общий прием построения регуляризующих алгоритмов для линейных некорректных уравнений в гильбертовом пространстве},
  author={Бакушинский, Анатолий Борисович},
  journal={Журнал вычислительной математики и математической физики},
  volume={7},
  number={3},
  pages={672--677},
  year={1967},
  language     = {russian},
}

@ARTICLE{bakushinskii1978,
  title={Оптимальные и квазиоптимальные методы решения линейных задач, порожденные регуляризующими алгоритмами},
  author={Бакушинский, Анатолий Борисович},
  journal={Известия высших учебных заведений. Математика},
  number={8},
  pages={6--10},
  year={1978},
  language     = {russian},
}

@ARTICLE{bakushinskii1984,
  title={Замечания о выборе параметра регуляризации по критерию квазиоптимальности и отношения},
  author={Бакушинский, Анатолий Борисович},
  journal={Журнал вычислительной математики и математической физики},
  volume={24},
  number={8},
  pages={1258--1259},
  year={1984},
  publisher={Российская академия наук, Отделение математических наук},
  language     = {russian},
}

@BOOK{bakushinskii1989,
  title={Некорректные задачи. Численные методы и приложения},
  author={Бакушинский, А Б and Гончарский, А В},
  year={1989},
  address={Москва},
  publisher={Изд-во МГУ},
  numpages={199},
  language     = {russian},
}

@BOOK{bakushinskii1989iterative,
  title={Итеративные методы решения некорректных задач},
  author={Бакушинский, А Б and Гончарский, А В},
  year={1989},
  address={Москва},
  publisher={Наука},
  numpages={128},
  language     = {russian},
}

@ARTICLE{vasin1968,
  title={Регуляризация нелинейных дифференциальных уравнений в частных производных},
  author={Васин, Владимир Васильевич},
  journal={Дифференциальные уравнения},
  volume={4},
  number={12},
  pages={2268--2274},
  year={1968},
  publisher={Российская академия наук, Отделение нанотехнологий и информационных технологий},
  language     = {russian},
}

@ARTICLE{vasin1970,
  title={О связи некоторых вариационных методов приближенного решения некорректных задач},
  author={Васин, Владимир Васильевич},
  journal={Математические заметки},
  volume={7},
  number={3},
  pages={265--272},
  year={1970},
  publisher={Российская академия наук, Математический институт им. ВА Стеклова Российской академии наук},
  language     = {russian},
}

@ARTICLE{vasin1981,
  title={Общая схема дискретизации регуляризующих алгоритмов в банаховых пространствах},
  author={Васин, Владимир Васильевич},
  journal={Докл. АН СССР},
  volume={258},
  number={2},
  pages={271--275},
  year={1981},
  language     = {russian},
}

@ARTICLE{vasin2005,
  title={Устойчивая аппроксимация негладких решений некорректно поставленных задач},
  author={Васин, В В},
  journal={Доклады Академии наук},
  volume={402},
  number={5},
  pages={586--589},
  year={2005},
  language     = {russian},
}

@BOOK{vasin_ageev,
  author       = {Васин, Владимир Васильевич. and Агеев, Александр Леонидович},
  title={Некорректные задачи с априорной информацией},
  publisher    = {Наука},
  address      = {Екатеринбург},
  year         = {1993},
  language     = {russian},
  numpages        = {261},
}

@ARTICLE{vasin1995,
  title={Методы итеративной регуляризации для некорректных задач},
  author={Васин, Владимир Васильевич},
  journal={Известия высших учебных заведений. Математика},
  number={11},
  pages={69--84},
  year={1995},
  publisher={Казанский (Приволжский) федеральный университет},
  language     = {russian},
}

@ARTICLE{vasintanana1968,
  title={Приближенное решение операторных уравнений первого рода},
  author={Васин, В В and Танана, В П},
  journal={Математические записки Уральского университета},
  volume={6},
  number={4},
  pages={27--37},
  year={1968},
  language     = {russian},
}

@article{goncharskii1972,
  title={Об одном регуляризующем алгоритме для некорректно поставленных задач с приближенно заданным оператором},
  author={Гончарский, Александр Владимирович and Леонов, Александр Сергеевич and Ягола, Анатолий Григорьевич},
  journal={Журнал вычислительной математики и математической физики},
  volume={12},
  number={6},
  pages={1592--1594},
  year={1972},
  publisher={Российская академия наук, Отделение математических наук},
  language     = {russian},
}

@article{goncharskii1974,
  title={О регуляризуемости некорректно поставленных задач с приближенно заданным оператором},
  author={Гончарский, Александр Владимирович and Леонов, Александр Сергеевич and Ягола, Анатолий Григорьевич},
  journal={Журнал вычислительной математики и математической физики},
  volume={14},
  number={4},
  pages={1022--1027},
  year={1974},
  publisher={Российская академия наук, Отделение математических наук},
  language     = {russian},
}


@BOOK{kabanikhin,
  author       = {Кабанихин, С И},
  title={Обратные и некорректные задачи},
  publisher    = {Сибирское научное издательство},
  address      = {Новосибирск},
  year         = {2009},
  language     = {russian},
  numpages        = {457},
}

@article{tanana1977,
  title={О решении операторных уравнений первого рода с многозначными операторами и их приложение},
  author={Танана, Виталий Павлович},
  journal={Известия высших учебных заведений. Математика},
  number={7},
  pages={87--93},
  year={1977},
  publisher={Казанский (Приволжский) федеральный университет},
  language     = {russian},
}

@article{tanana1977a,
  title={О классификации некорректно поставленных задач и оптимальных методах их решения},
  author={Танана, Виталий Павлович},
  journal={Известия высших учебных заведений. Математика},
  number={11},
  pages={106--112},
  year={1977},
  publisher={Казанский (Приволжский) федеральный университет},
  language     = {russian},
}

@BOOK{tanana1981,
  author       = {Танана, Виталий Павлович},
  title={Методы решения операторных уравнений},
  publisher    = {Наука},
  address      = {Москва},
  year         = {1981},
  language     = {russian},
  numpages        = {156},
}

@article{tanana1997,
  title={Об аппроксимации регуляризованного решения нелинейного уравнения},
  author={Танана, Виталий Павлович},
  journal={Сибирский математический журнал},
  volume={38},
  number={2},
  pages={416--423},
  year={1997},
  publisher={Институт математики им. СЛ Соболева Сибирского отделения РАН},
  language     = {russian},
}

@article{tanana2003,
  title={О сходимости регуляризованных решений нелинейных операторных уравнений},
  author={Танана, Виталий Павлович},
  journal={Сибирский журнал индустриальной математики},
  volume={6},
  number={3},
  pages={119--133},
  year={2003},
  publisher={Институт математики им. СЛ Соболева Сибирского отделения РАН},
  language     = {russian},
}

@BOOK{tanana2006,
  author       = {Танана, Виталий Павлович and Танана, Алексей Витальевич},
  title={Методы решения нелинейных некорректных задач},
  publisher    = {Челябинский государственный университет},
  address      = {Челябинск},
  year         = {2006},
  language     = {russian},
  numpages        = {102},
}

@book{cirulskii1990,
  title={Функции комплексного переменного в теории и методах потенциальных геофизических полей},
  author={Цирульский, Александр Вениаминович and Кормильцев, Валерий Викторович},
  year={1990},
  publisher={Академия наук СССР, Уральское отделение},
  address={Свердловск},
  numpage={135},
  language     = {russian},
}

@article{cirulskii_fedorova,
  title={К вопросу о разрешимости обратной задачи логарифмического потенциала для контактной поверхности в конечном виде},
  author={Федорова, Н В and Цирульский, А В},
  journal={Изв. АН СССР, Физика Земли},
  volume={10},
  pages={61--72},
  year={1976},
  language     = {russian},
}

@article{numerov1930,
  title={Интерпретация гравитационных наблюдений в случае одной контактной поверхности},
  author={Нумеров, Б В},
  journal={ДАН СССР},
  number={21},
  pages={569--574},
  year={1930},
  language     = {russian},
}

@article{malkin1931,
  title={О решении обратной магнитометрической задачи для случая одной контактной поверхности (случай пластообразно залегающих масс)},
  author={Малкин, Н Р},
  journal={ДАН СССР. Сер. А},
  number={9},
  pages={232--235},
  year={1931},
  language     = {russian},
}

@article{strakhov1974a,
  title={Об обратной задаче логарифмического потенциала для контактной поверхности},
  author={Страхов, В Н},
  journal={Изв. АН СССР. Физика Земли},
  number={2},
  pages={34--40},
  year={1974},
  language     = {russian},
}

@article{strakhov1974b,
  title={К теории обратной задачи логарифмического потенциала для контактной поверхности},
  author={Страхов, В Н},
  journal={Изв. АН СССР. Физика Земли},
  number={6},
  pages={39--60},
  year={1974},
  language     = {russian},
}

@article{strakhov1976,
  title={Монтажный метод решения обратной задачи гравиметрии},
  author={Страхов, В Н and Лапина, М И},
  journal={Докл. АН СССР},
  volume={227},
  number={2},
  pages={344--347},
  year={1976},
  language={russian},
}

@article{landweber1951,
  title={An iteration formula for Fredholm integral equations of the first kind},
  author={Landweber, Louis},
  journal={American journal of mathematics},
  volume={73},
  number={3},
  pages={615--624},
  year={1951},
  publisher={JSTOR}
}

@article{hanke1995convergence,
  title={A convergence analysis of the Landweber iteration for nonlinear ill-posed problems},
  author={Hanke, Martin and Neubauer, Andreas and Scherzer, Otmar},
  journal={Numerische Mathematik},
  volume={72},
  number={1},
  pages={21--37},
  year={1995},
  publisher={Springer}
}

@article{neubauer2000landweber,
  title={On Landweber iteration for nonlinear ill-posed problems in Hilbert scales},
  author={Neubauer, Andreas},
  journal={Numerische Mathematik},
  volume={85},
  number={2},
  pages={309--328},
  year={2000},
  publisher={Springer}
}

@article{neubauer1995convergence,
  title={A convergence rate result for a steepest descent method and a minimal error method for the solution of nonlinear ill-posed problems},
  author={Neubauer, Andreas and Scherzer, Otmar},
  journal={Zeitschrift f{\"u}r Analysis und ihre Anwendungen},
  volume={14},
  number={2},
  pages={369--377},
  year={1995}
}
@article{scherzer1996convergence,
  title={A convergence analysis of a method of steepest descent and a two-step algorithm for nonlinear ill-posed problems},
  author={Scherzer, Otmar},
  journal={Numerical functional analysis and optimization},
  volume={17},
  number={1-2},
  pages={197--214},
  year={1996},
  publisher={Taylor \& Francis}
}

@book{krasnoselskii,
  title={Приближенное решение операторных уравнений},
  author={Красносельский, Марк Александрович and Вайникко, Г М and Забрейко, П П and Рутицкий, Я Б and Стеценко, В Я},
  year={1969},
  publisher={Наука},
  language     = {russian},
  numpages={456},
  adddress={Москва},
}

@book{ortega_rheinbolds,
  title={Iterative solution of nonlinear equations in several variables},
  author={Ortega, James M and Rheinboldt, Werner C},
  volume={30},
  year={1970},
  publisher={Siam}
}

@article{powell1970hybrid,
  title={A hybrid method for nonlinear equations},
  author={Powell, Michael J D},
  journal={Numerical methods for nonlinear algebraic equations},
  volume={7},
  pages={87--114},
  year={1970}
}

@book{dennis1996numerical,
  title={Numerical methods for unconstrained optimization and nonlinear equations},
  author={Dennis Jr, John E and Schnabel, Robert B},
  volume={16},
  year={1996},
  publisher={Siam}
}

@book{kelley65002iterative,
  title={Iterative methods for linear and nonlinear equations},
  author={Kelley, C T},
  journal={MR 96d},
  volume={65002},
  year={1995},
  address={Philadelphia},
  publisher={Siam}
}

@article{schnabel1984tensor,
  title={Tensor methods for nonlinear equations},
  author={Schnabel, Robert B and Frank, Paul D},
  journal={SIAM Journal on Numerical Analysis},
  volume={21},
  number={5},
  pages={815--843},
  year={1984},
  publisher={SIAM}
}

@book{nocedal2006numerical,
  title={Numerical optimization},
  author={Nocedal, Jorge and Wright, Stephen},
  year={2006},
  publisher={Springer Science \& Business Media}
}

@article{fletcher1964function,
  title={Function minimization by conjugate gradients},
  author={Fletcher, Reeves and Reeves, Colin M},
  journal={The computer journal},
  volume={7},
  number={2},
  pages={149--154},
  year={1964},
  publisher={Br Computer Soc}
}

@article{polyak1969,
  title={Метод сопряженных градиентов в задачах на экстремум},
  author={Поляк, Борис Теодорович},
  journal={Журнал Вычислительной математики и математической физики},
  volume={9},
  number={4},
  pages={807--821},
  year={1969},
  publisher={Российская академия наук, Отделение математических наук},
  language ={russian},
}

@book{vasin_eremin,
  title={Operators and iterative processes of Fej{\'e}r type: theory and applications},
  author={Vasin, Vladimir V and Eremin, Ivan I},
  volume={53},
  year={2009},
  publisher={Walter de Gruyter}
}

@article{prutkin1983,
  title={О приближенном решении трехмерных обратных задач гравиметрии и магнитометрии методом локальных поправок},
  author={Пруткин, И Л},
  journal={Изв. АН СССР. Физика Земли},
  number={1},
  pages={53--58},
  year={1983},
  language ={russian},
}

@article{prutkin1986,
  title={О решении трехмерной обратной задачи гравиметрии в классе контактных поверхностей методом локальных поправок},
  author={Пруткин, И Л},
  journal={Изв. АН СССР. Физика Земли},
  number={1},
  pages={67--77},
  year={1986},
  language ={russian},
}

@book{bakushinskii,
  title={Ill-posed problems: theory and applications},
  author={Bakushinskiy, Anatoly and Goncharsky, A},
  numpages={301},
  year={2012},
  publisher={Springer Science \& Business Media}
}

@book{fletcher2013practical,
  title={Practical methods of optimization},
  author={Fletcher, Roger},
  year={2013},
  publisher={John Wiley \& Sons}
}

@book{kaltenbacher,
  title={Iterative regularization methods for nonlinear ill-posed problems},
  author={Kaltenbacher, Barbara and Neubauer, Andreas and Scherzer, Otmar},
  volume={6},
  year={2008},
  publisher={Walter de Gruyter}
}

@article{martyshko2010,
  title={Построение региональных геофизических моделей на основе комплексной интерпретации гравитационных и сейсмических данных},
  author={Мартышко, П С and Ладовский, И В and Цидаев, А Г},
  journal={Физика земли},
  number={11},
  pages={23--35},
  year={2010},
  publisher={Академиздатцентр" Наука" РАН},
    language ={russian},
}

@article{gilbert1992global,
  title={Global convergence properties of conjugate gradient methods for optimization},
  author={Gilbert, Jean Charles and Nocedal, Jorge},
  journal={SIAM Journal on optimization},
  volume={2},
  number={1},
  pages={21--42},
  year={1992},
  publisher={SIAM}
}

@article{polak1969note,
  title={Note sur la convergence de m{\'e}thodes de directions conjugu{\'e}es},
  author={Polak, Elijah and Ribiere, Gerard},
  journal={Revue fran{\c{c}}aise d'informatique et de recherche op{\'e}rationnelle, s{\'e}rie rouge},
  volume={3},
  number={1},
  pages={35--43},
  year={1969}
}

@article{mart_prut_2003,
  title={Технология разделения источников гравитационного поля по глубине},
  author={Мартышко, П С and Пруткин, И Л},
  journal={Геофизический журнал},
  volume={25},
  number={3},
  pages={159--168},
  year={2003},
   language ={russian},
}

@book{yanovskii,
  title={Земной магнетизм},
  author={Яновский, Борис Михайлович},
  year={1978},
  publisher={ЛГУ},
  address={Ленинград},
  numpages={592},
  language ={russian},
}

@book{grav_sl,
  title={Интерпретация гравитационных наблюдений},
  author={Шванк, О А and Люстих, Е Н},
  publisher={Гостоптехиздат},
  address={Ленинград},
  year={1947},
  numpages={400},
  language ={russian},
}


@book{engl_hanke1996reg,
  title={Regularization of inverse problems},
  author={Engl, Heinz Werner and Hanke, Martin and Neubauer, Andreas},
  volume={375},
  year={1996},
  publisher={Springer Science \& Business Media},
}

@article{vasin2013irregular,
  title={Irregular nonlinear operator equations: Tikhonov's regularization and iterative approximation},
  author={Vasin, Vladimir},
  journal={Journal of Inverse and Ill-Posed Problems},
  volume={21},
  number={1},
  pages={109--123},
  year={2013}
}

@book{voevodin,
  title={Параллельные вычисления},
  author={Воеводин, Валентин Васильевич},
  year={2004},
  publisher={БХВ-Петербург},
  language ={russian},
}

@misc{vasin1998,
  title={О сходимости методов градиентного типа для нелинейных уравнений},
  author={Васин, В В},
  year={1998},
  publisher={ДАН},
  language ={russian},
}

@book{ortega_parallel,
  title={Введение в параллельные и векторные методы решения линейных систем},
  author={Ортега, Дж},
  year={1991},
  language ={russian},
}

@article{hanke1997regularizing,
  title={A regularizing Levenberg-Marquardt scheme, with applications to inverse groundwater filtration problems},
  author={Hanke, Martin},
  journal={Inverse problems},
  volume={13},
  number={1},
  pages={79},
  year={1997},
  publisher={IOP Publishing}
}

@article{bakushinskii1992,
  title={К проблеме сходимости интеративно-регуляризованного метода Гаусса-Ньютона},
  author={Бакушинский, Анатолий Борисович},
  journal={Журнал вычислительной математики и математической физики},
  volume={32},
  number={9},
  pages={1503--1509},
  year={1992},
  publisher={Российская академия наук, Отделение математических наук},
  language ={russian},
}

@article{blaschke1997convergence,
  title={On convergence rates for the iteratively regularized Gauss-Newton method},
  author={Blaschke, Barbara and Neubauer, Andreas and Scherzer, Otmar},
  journal={IMA Journal of Numerical Analysis},
  volume={17},
  number={3},
  pages={421--436},
  year={1997},
  publisher={Oxford University Press}
}

@article{kaltenbacher2002convergence,
  title={Convergence rates of the continuous regularized Gauss—Newton method},
  author={Kaltenbacher, Barbara and Neubauer, Andreas and Ramm, A G},
  journal={Journal of Inverse and Ill-Posed Problems},
  volume={10},
  number={3},
  pages={261--280},
  year={2002}
}

@article{kokurin2010,
  title={Об организации глобального поиска при реализации схемы Тихонова},
  author={Кокурин, Михаил Юрьевич},
  journal={Изв. вузов. Матем},
  number={12},
  pages={20--31},
  year={2010},
  language ={russian},
}

@article{kokurin2010a,
  title={О выпуклости функционала Тихонова и итеративно регуляризованных методах решения нерегулярных нелинейных операторных уравнений},
  author={Кокурин, Михаил Юрьевич},
  journal={Журнал вычислительной математики и математической физики},
  volume={50},
  number={4},
  pages={651--664},
  year={2010},
  publisher={Российская академия наук, Отделение математических наук},
  language ={russian},
}


@article{hanke2010regularizing,
  title={The regularizing Levenberg-Marquardt scheme is of optimal order},
  author={Hanke, Martin and others},
  journal={J. Integral Equations Appl},
  volume={22},
  number={2},
  pages={259--283},
  year={2010}
}

@article{vasin2013modif,
  title={Модифицированные процессы ньютоновского типа, порождающие фейеровские аппроксимации регуляризованных решений нелинейных уравнений},
  author={Васин, Владимир Васильевич},
  journal={Труды Института математики и механики УрО РАН},
  volume={19},
  number={2},
  pages={85--97},
  year={2013},
  publisher={Институт математики и механики Уральского отделения РАН},
  language ={russian},
}

@article{vasin2011iterative,
  title={Iterative processes of gradient type with applications to gravimetry and magnetometry inverse problems},
  author={Vasin, Vladimir and Skorik, Georgy},
  journal={Journal of Inverse and Ill-posed Problems},
  volume={18},
  number={8},
  pages={855--876},
  year={2011}
}

@article{vasin2011method,
  title={Метод Левенберга-Марквардта и его модифицированные варианты для решения нелинейных уравнений с приложением к обратной задаче гравиметрии},
  author={Васин, Владимир Васильевич and Пересторонина, Галина Яковлевна},
  journal={Труды Института математики и механики УрО РАН},
  volume={17},
  number={2},
  pages={53--61},
  year={2011},
  publisher={Институт математики и механики Уральского отделения РАН},
  language ={russian},
}

@article{vasin2003,
  title={Решение трехмерных обратных задач гравиметрии и магнитометрии для трехслойной среды},
  author={Васин, Владимир Васильевич and Пересторонина, Галина Яковлевна and Пруткин, И Л and Тимерханова, Л Ю},
  journal={Математическое моделирование},
  volume={15},
  number={2},
  pages={69--76},
  year={2003},
  publisher={Российская академия наук, Отделение математических наук},
  language ={russian},
}

@article{akimova2004stable,
  title={Stable parallel algorithms for solving the inverse gravimetry and magnetometry problems},
  author={Akimova, Elena N and Vasin, Vladimir V},
  journal={International Journal Engineering Modelling--University of Split, Croatia},
  volume={17},
  number={1-2},
  pages={13--19},
  year={2004}
}

@article{vasin2012method,
  title={Метод Левенберга-Марквардта для аппроксимации решений нерегулярных операторных уравнений},
  author={Васин, Владимир Васильевич},
  journal={Автоматика и телемеханика},
  number={3},
  pages={28--38},
  year={2012},
  publisher={Российская академия наук, Отделение энергетики, машиностроения, механики и процессов управления},
  language ={russian},
}

@article{akimova2007regul,
  title={О регулярных методах решения обратных задач гравиметрии на многопроцессорном вычислительном комплексе},
  author={Акимова, Е Н and Васин, В В and Пересторонина, Г Я and Тимерханова, Л Ю and Мартышко, П С and Кокшаров, Д Е},
  journal={Вычислительные методы и программирование. Москва: МГУ},
  volume={8},
  number={1},
  pages={107--116},
  year={2007},
  language ={russian},
}

@article{vasin2013iter,
  title={Итерационные алгоритмы ньютоновского типа и их приложения к обратной задаче гравиметрии},
  author={Васин, Владимир Васильевич and Акимова, Елена Николаевна and Миниахметова, Алия Фиргатовна},
  journal={Вестник Южно-Уральского государственного университета. Серия: Математическое моделирование и программирование},
  volume={6},
  number={3},
  year={2013},
  publisher={Государственное образовательное учреждение высшего профессионального образования Южно-Уральский государственный университет},
  language ={russian},
}

@article{martyshko1982,
  title={О решении прямой и обратной задач магниторазведки},
  author={Мартышко, П С and Пруткин, И Л},
  journal={Геофизический журнал},
  volume={4},
  number={6},
  pages={39--49},
  year={1982},
  language ={russian},
}

@INPROCEEDINGS{martyshko2008,
  title={О решении прямой и обратной задач магниторазведки},
  author={Мартышко, П С and Цидаев, А Г},
  booktitle={Материалы Международной конференции, посвященной 50летию Института геофи
зики УрО РАН.},
  pages={167--170},
  year={2008},
  publisher={ИГФ УрО РАН},
  address={Екатеринбург},
  language ={russian},
}

@article{prutkin2009gravity,
  title={Gravity and magnetic data inversion for 3D topography of the Moho discontinuity in the northern Red Sea area, Egypt},
  author={Prutkin, Ilya and Saleh, Ahmed},
  journal={Journal of Geodynamics},
  volume={47},
  number={5},
  pages={237--245},
  year={2009},
  publisher={Elsevier},
}

@article{faddeev,
  title={Параллельные вычисления в линейной алгебре},
  author={Фаддеева, В Н and Фаддеев, Д К},
  journal={Кибернетика},
  number={3},
  pages={28--40},
  year={1977},
  language ={russian},
}

@article{aen2009,
  title={Параллельные алгоритмы решения обратных задач гравиметрии и магнитометрии на МВС-1000},
  author={Акимова, Е.Н.},
  journal={Вестник ННГУ},
  number={4},
  pages={181--189},
  year={2009},
  language ={russian},
}

@PHDTHESIS{aendiss,
  author       = {Акимова, Елена Николаевна},
  title        = {Параллельные алгоритмы решения задач грави-магнитометрии и упругости на многопроцессорных системах с распределенной памятью},
  school       = {ИММ УрО РАН},
  type         = {Дисс. д-ра физ.-мат. наук},
  year         = {2009},
  language     = {russian},
}

@book{chapman2008using,
  title={Using OpenMP: portable shared memory parallel programming},
  author={Chapman, Barbara and Jost, Gabriele and Van Der Pas, Ruud},
  volume={10},
  year={2008},
  publisher={MIT press}
}

@article{bulakh1999,
  title={Обзор работ по методам минимизации в обратных задачах гравиметрии и магнитометрии},
  author={Булах, Е Г},
  journal={Геофизический журнал},
  volume={21},
  number={4},
  pages={5--19},
  year={1999},
  language ={russian},
}

@BOOK{bulakh1984,
  author       = {Булах, Е Г and Марков, М Н and Бойко, П Д},
  title        = {Математическое обеспечение автоматизированной системы интерпретации гравитационных аномалий},
  publisher    = {Наук. думка},
  address      = {Киев},
  year         = {1984},
  language     = {russian},
  numpages     = {112},
}

@article{glasko1970,
  title={О восстановлении глубины и формы контактной поверхности на основе регуляризации},
  author={Гласко, Владлен Борисович and Остромогильский, А Х and Филатов, В Г},
  journal={Журнал вычислительной математики и математической физики},
  volume={10},
  number={5},
  pages={1292--1297},
  year={1970},
  publisher={Российская академия наук, Отделение математических наук},
    language     = {russian},
}

@article{glasko1974,
  title={О разрешающей способности метода регуляризации и определении участка характерного изменения формы контактной поверхности},
  author={Мудрецова, Е А and Гласко, В Б and Филатов, В Г},
  journal={Изв. АН СССР. Физика Земли},
  number={6},
  pages={98--101},
  year={1974},
  language     = {russian},
}

@article{novoselitskii1966,
  title={О построении плотностной границы по аномалиям силы тяжести},
  author={Новоселицкий, В М},
  journal={Сб.{\guillemotleft}Прикладная геофизика},
  number={47},
  year={1966},
  language     = {russian},
}

@article{kobrunov1988,
  title={К теории интерпретации данных гравиметрии для слоистых сред (равномерная оптимизация)},
  author={Кобрунов, А И},
  journal={Изв. АН СССР. Сер. Физика. Земли},
  number={8},
  pages={33--44},
  year={1988},
  language     = {russian},
}

@article{ageev1998,
  title={Решение обратной задачи гравиметрии о границах раздела трех сред},
  author={Агеев, А Л and Болотова, Т В and Васин, В В},
  journal={Физика Земли},
  number={3},
  pages={54--57},
  year={1998}
}

@article{vasin1999,
  title={Решение нелинейной задачи гравиметрии методами градиентного типа},
  author={Васин, Владимир Васильевич and Пруткин, И Л and Тимерханова, Л Ю},
  journal={Математическое моделирование},
  volume={11},
  number={10},
  pages={86--91},
  year={1999},
  publisher={Российская академия наук, Отделение математических наук}
}

@inproceedings{kochnev,
title={Технологии решения прямых и обратных задач 3D гравиметрии и магнитометрии},
author= {Кочнев, В А  and Васильев, Д В and Гоз, И В and Сидоров, В Ю},
booktitle={Мат.32-й сессии Межд.научн.сем. им.Д.Г.Успенского «Вопросы теории и практики геологической интерпретации гравитационных, магнитных и электрических полей»},
pages={134--137},
year={2005},
address={Пермь},
language={russian},
}

@article{minenko,
  title={Экстремальные итерационные методы в обратной задаче магнитометрии при косом намагничении},
  author={Миненко, П А},
  journal={Доповiдi Національної академії наук України},
  number={5},
  pages={131},
  year={2007},
  publisher={Національна академія наук України, Президія},
  language={russian},
}


@article{dolgal2009dan,
  title={Трехмерные монтажные технологии интерпретации гравиметрических данных},
  author={Балк, П И and Долгаль, А С},
  journal={Доклады Академии наук},
  volume={427}
  number={3},
  pages={380--383},
  year={2009},
  language={russian},
}

@article{dolgal2009geo,
  title={Теория и опыт применения монтажного подхода к решению трехмерных обратных задач гравиметрии},
  author={Балк, П И and Долгаль, А С and Христенко, Л А},
  journal={Геофизический журнал},
  volume={31}
  number={5},
  pages={128--140},
  year={2009},
  language={russian},
}

@article{dolgal2016,
  title={Аддитивные технологии количественной интерпретации гравитационных аномалий},
  author={Балк, П И and Долгаль, А С},
  journal={Геофизика},
  number={1},
  pages={43--47},
  year={2016},
  language={russian},
}
